<record><leader>00000cas a2200000 a 4500</leader><controlfield tag="001">13771077</controlfield><controlfield tag="008">860624d18901890okuwr ne      0    0eng d</controlfield><datafield ind1=" " ind2=" " tag="010"><subfield code="a">sn 86064190 </subfield></datafield><datafield ind1=" " ind2=" " tag="040"><subfield code="a">KSH</subfield><subfield code="b">eng</subfield><subfield code="c">KSH</subfield><subfield code="d">NPT</subfield><subfield code="d">KNP</subfield><subfield code="d">OBN</subfield><subfield code="d">OCL</subfield><subfield code="d">OCLCQ</subfield><subfield code="d">OCLCF</subfield><subfield code="d">OCLCO</subfield></datafield><datafield ind1="1" ind2=" " tag="029"><subfield code="a">AU@</subfield><subfield code="b">000022170017</subfield></datafield><datafield ind1=" " ind2=" " tag="042"><subfield code="a">msc</subfield></datafield><datafield ind1=" " ind2=" " tag="043"><subfield code="a">n-us-ok</subfield></datafield><datafield ind1="0" ind2=" " tag="130"><subfield code="a">Weekly Oklahoma State capital (Guthrie, Okla. : 1890)</subfield></datafield><datafield ind1="1" ind2="0" tag="245"><subfield code="a">Weekly Oklahoma State capital.</subfield></datafield><datafield ind1="3" ind2=" " tag="246"><subfield code="a">Capital</subfield></datafield><datafield ind1="3" ind2=" " tag="246"><subfield code="a">State capital</subfield></datafield><datafield ind1=" " ind2=" " tag="260"><subfield code="a">Guthrie, Okla. :</subfield><subfield code="b">Frank H. Greer</subfield></datafield><datafield ind1=" " ind2=" " tag="300"><subfield code="a">v.</subfield></datafield><datafield ind1=" " ind2=" " tag="310"><subfield code="a">Weekly</subfield></datafield><datafield ind1="0" ind2=" " tag="362"><subfield code="a">-v. 2, no. 43 (Dec. 27, 1890).</subfield></datafield><datafield ind1="1" ind2=" " tag="362"><subfield code="a">Began in May 1890.</subfield></datafield><datafield ind1=" " ind2=" " tag="588"><subfield code="a">Description based on: Vol. 2, no. 11 (May 24, 1890).</subfield></datafield><datafield ind1=" " ind2="0" tag="651"><subfield code="a">Guthrie (Okla.)</subfield><subfield code="v">Newspapers.</subfield></datafield><datafield ind1=" " ind2="0" tag="651"><subfield code="a">Logan County (Okla.)</subfield><subfield code="v">Newspapers.</subfield></datafield><datafield ind1=" " ind2="7" tag="655"><subfield code="a">Newspapers.</subfield><subfield code="2">fast</subfield><subfield code="0">(OCoLC)fst01423814</subfield></datafield><datafield ind1=" " ind2="7" tag="651"><subfield code="a">Oklahoma</subfield><subfield code="z">Guthrie.</subfield><subfield code="2">fast</subfield><subfield code="0">(OCoLC)fst01220328</subfield></datafield><datafield ind1=" " ind2="7" tag="651"><subfield code="a">Oklahoma</subfield><subfield code="z">Logan County.</subfield><subfield code="2">fast</subfield><subfield code="0">(OCoLC)fst01205715</subfield></datafield><datafield ind1=" " ind2=" " tag="752"><subfield code="a">United States</subfield><subfield code="b">Oklahoma</subfield><subfield code="c">Logan</subfield><subfield code="d">Guthrie.</subfield></datafield><datafield ind1="0" ind2=" " tag="775"><subfield code="t">Daily Oklahoma State capital</subfield><subfield code="w">(DLC)sn 85042308</subfield><subfield code="w">(OCoLC)12109194</subfield></datafield><datafield ind1="0" ind2="0" tag="780"><subfield code="t">Oklahoma weekly capital</subfield><subfield code="w">(DLC)sn 86064189</subfield><subfield code="w">(OCoLC)13771005</subfield></datafield><datafield ind1="0" ind2="0" tag="785"><subfield code="t">Oklahoma State capital (Guthrie, Okla. : Weekly)</subfield><subfield code="w">(DLC)sn 86064191</subfield><subfield code="w">(OCoLC)13771174</subfield></datafield></record>